@String{ jan = {Jan.}}
@String{ feb = {Feb.}}
@String{ mar = {Mar.}}
@String{ apr = {Apr.}}
@String{ may = {May}}
@String{ jun = {Jun.}}
@String{ jul = {Jul.}}
@String{ aug = {Aug.}}
@String{ sep = {Sep.}}
@String{ oct = {Oct.}}
@String{ nov = {Nov.}}
@String{ dec = {Dec.}}

@string{ IEEE-TPAMI =  {IEEE Transactions on Pattern Analysis and Machine Intelligence} }
@String{ IEEE-TCE = {IEEE Transactions on Consumer Electronics}}
@string{ IEEE-TMI = {IEEE Transactions on Medical Imaging} }
@string{ IEEE-TMM = {IEEE Transactions on Multimedia} }
@string{ IEEE-TIP = {IEEE Transactions on Image Processing} }
@string{ IEEE-TBME = {IEEE Transactions on Biomedical Engineering} }
@string{ IEEE-TITB = {IEEE Transactions on Information Technology in Biomedicine} }
@string{ IEEE-TVCG = {IEEE Transactions on Visualization and Computer Graphics} }
@string{ IEEE-TSMC = {IEEE Transactions on Systems, Man and Cybernetics} }
@string{ IEEE-TSMCA = {IEEE Transactions on Systems, Man and Cybernetics, Part A} }
@string{ IEEE-TSMCB = {IEEE Transactions on Systems, Man and Cybernetics, Part B} }
@string{ IEEE-TNN = {IEEE Transactions on Neural Networks} }
@string{ IEEE-TSAP = {IEEE Transactions on Speech and Audio Processing} }
@string{ IEEE-TAC = {IEEE Transactions on Automatic Control} }
@string{ IEEE-SPM = {IEEE Signal Processing Magazine} }
@string{ IEEE-SPL = {IEEE Signal Processing Letters} }
@string{ IEEE-TSP = {IEEE Transactions on Signal Processing} }
@string{ IEEE-TIT = {IEEE Transactions on Information Theory} }
@string{ ProcIEEE = {Proceedings of the IEEE} }
@string{ IEEE-CGA = {IEEE Computer Graphics and Applications} }
@string{ IEEECOMP = {IEEE Computer} }
@string{ JCAT = {Journal of Computer Assisted Tomography} }
@string{ CVGIP = {Computer Vision, Graphics, and Image Processing} }
@string{ GraphModels = {Graphical Models} }
@string{ GMIP = {Graphical Models and Image Processing} }
@string{ CVIU = {Computer Vision and Image Understanding} }
@string{ MIA = {Medical Image Analysis} }
@string{ IJIST = {International Journal of Imaging Systems and Technology} }
@string{ CAS = {Computer Aided Surgery} }
@string{ MBEC =  {Med. Biol. Eng. Comput.} }
@string{ JNM = {Journal of Nuclear Medicine} }
@string{ ImageVisionComput = {Image and Vision Computing} }
@string{ MedPhys = {Medical Physics} }
@string{ Radiology = {Radiology} }
@string{ InvestRadiol = {Investigative Radiology} }
@string{ JIGS = {Journal of Image Guided Surgery} }
@string{ LARY = {Laryngoscope} }
@string{ JNR = {Journal of Neuroradiology} }
@string{ AJNR = {American Journal of Neuroradiology} }
@string{ ZNR = {Zentralblatt f\"ur Neurochirurgie} }
@string{ SE = {Surgical Endoscopy} }
@string{ JMRI = {Journal of Magnetic Resonance Imaging} }
@string{ MRI= {Magnetic Resonance Imaging} }
@string{ NCNA = {Neurosurgery Clinics of North America} }
@string{ AJS = {American Journal of Surgery} }
@string{ CJNS = {Canadian Journal of Neurological Sciences} }
@string{ JNI = {Journal of Neuroimaging} }
@string{ JNeuroimaging = {Journal of Neuroimaging} }
@string{ AJOL = {American Journal of Otolaryngology} }
@string{ ROI = {Radiation Oncology Investigations} }
@string{ BJR = {British Journal of Radiology} }
@string{ BJOMS = {British Journal of Oral and Maxillofacial Surgery} }
@string{ JNS = {Journal of Neurosurgery} }
@string{ JNSc = {The Journal of Neuroscience} }
@string{ JNScM = {Journal of Neuroscience Methods} }
@string{ JNeurosciMethods = {Journal of Neuroscience Methods} }
@string{ MolBrainRes = {Molecular Brain Research} }
@string{ NS = {Neurosurgery} }
@string{ EJR = {European Journal of Radiology} }
@string{ KlinNeurRad = {Klinische Neuroradiologie} }
@string{ MIUA = {Medical Image Understanding and Analysis} }
@string{ AJO = {American Journal of Otolaryngology}}
@string{ MiB = {Medizin im Bild}}
@string{ MVA = {Machine Vision and Applications} }
@string{ BiophysChem = {Biophysical Chemistry} }
@string{ PNAS = {Proceedings of the National Academy of Sciences of the U.S.A.} }
@string{ ACM-TOG = {ACM Transactions on Graphics} }
@string{ ACM-TOMS = {ACM Transactions on Mathematical Software} }
@string{ ACM-SGCG = {ACM SIGGRAPH Computer Graphics} }
@string{ ACMComputSurv = {ACM Computing Surveys} }
@string{ NeuroImage = {NeuroImage} }
@string{ RoeFo = {Fortschr R\"ontgenstr} }
@string{ PatRecog = {Pattern Recognition} }
@string{ PatRecogImageAnal = {Pattern Recognition and Image Analysis} }
@string{ PatRecogLett = {Pattern Recognition Letters} }
@string{ HumBrainMap = {Human Brain Mapping} }
@string{ NeuroSurg = {Neurosurgery} }
@string{ JCRCO = {Journal of Cancer Research and Clinical Oncology} }
@string{ RadOncBioPhys = {International Journal of Radiation Oncology Biology Physics} }
@string{ EurRadiol = {European Radiology}}
@string{ PhysMedBiol = {Physics in Medicine and Biology}}
@string{ IJROBP= {International Journal of Radiation Oncology, Biology, Physics}}
@string{ RO = {Radiotherapy Oncol}}
@string{ MRPBM = {Magnetic Resonance Materials in Physics, Biology and Medicine} }
@string{ AnnNuclMed = {Annals of Nuclear Medicine} }
@String{ AnnBiomedEng= {Annals of Biomedical Engineering}}
@string{ JNeurolNeurosurgPsychiatry = {Journal of Neurology, Neurosurgery, and Psychiatry} }
@string{ ComputMedImGraph = {Computerized Medical Imaging and Graphics} }
@string{ CompGraph = {Computer Graphics} }
@string{ SFN = {Stereotact Funct Neurosurg} }
@string{ JNNP = {Journal of Neurology, Neurosurgery, and Psychiatry} }
@string{ MRM = {Magnetic Resonance in Medicine} }
@string{ ParComput = {Parallel Computing} }
@string{ Neuron = {Neuron} }
@string{ JBI = {Journal of Biomedical Informatics}}
@string{ CMIG = {Computerized Medical Imaging and Graphics} }
@string{ IntJImagingSystTechnol = {International Journal of Imaging Systems and Technology} }
@string{ CommunACM = {Communications of the ACM} }
@string{ JACM = {Journal of the Association for Computing Machinery} }
@string{ JMicrosc = {Journal of Microscopy} }
@string{ AI = {Artificial Intelligence} }
@string{ JAmStatistAssoc = {Journal of the American Statistical Association} }
@string{ ComputJ = {Computer Journal} }
@string{ ActaRadiol = {Acta Radiologica} }
@string{ ComputBiolMed = {Computers in Biology and Medicine} }
@string{ IJCV = {International Journal of Computer Vision} }
@string{ ArtifIntellMed = {Artificial Intelligence in Medicine} }
@string{ ArtifIntellEng = {Artificial Intelligence in Engineering} }
@string{ InformFusion = {Information Fusion} }
@string{ IntelligentDataAnal = {Intelligent Data Analysis} }
@string{ SpeechCommun = {Speech Communication} }
@string{ PatternAnalAppl = {Pattern Analysis \& Applications} }
@string{ NeuralNetworks = {Neural Networks} }
@string{ NeuralComput = {Neural Computation} }
@string{ JElectronImaging = {Journal of Electronic Imaging} }
@string{ JNeurobiol = {Journal of Neurobiology} }
@string{ Lancet = {Lancet} }
@String{ ComputVisualSci = {Computing and Visualization in Science} }
@String{ MachLearn = {Machine Learning}}
@String{ AcadRadiol = {Academic Radiology}}
@String{ IJPRAI = {International Journal of Pattern Recognition and Artificial Intelligence}}
@String{ EJNM = {European Journal of Nuclear Medicine} }
@string{ JRoyalStatistSocB = {Journal of the Royal Statistical Society, Series B} }
@string{ IJIG = {International Journal of Image and Graphics} }
@string{ JAIR = {Journal of Artificial Intelligence Research} }
@string{ Spine = {Spine} }
@string{ LinearAlgebraApp = {Linear Algebra and its Applications}}
@string{ AmJRhinol = {American Journal of Rhinology} }
@string{ ConnectSci = {Connection Science} }
@string{ SeminRadiatOncol = {Seminars in Radiation Oncology} }
@string{ TCRT = {Technology in Cancer Research \& Treatment} }
@string{ AmJRoentgenol = {American Journal of Roentgenology}}
@string{ Neuroradiology = {Neuroradiology}}
@string { JInsectScience = {Journal of Insect Science} }
@string{ JMagnReson = {Journal of Magnetic Resonance} }
@string{ JMagnResonA = {Journal of Magnetic Resonance, Series A} }
@string{ JMagnResonB = {Journal of Magnetic Resonance, Series B} }
@string{ Nuklearmedizin = {Nuklearmedizin} }
@string{ Cell = {Cell}}
@string{ JBiomedOpt = {Journal of Biomedical Optics} }
@string{ NatBiotechnol = {Nature Biotechnology}}
@string{ Blood = {Blood}}
@string{ ProgNeurobiol = {Progress in Neurobiology}}
@string{ MicroscResTech = {Microscopy Research and Technique} }
@string{ ApplOpt = {Applied Optics} }
@string{ Methods =  {Methods} }
@string{ MechDev = {Mechanisms of Development} }
@string{ JCompNeurol = {Journal of Comparative Neurology} }
@string{ AlcoholClinExpRes = {Alcoholism: Clinical and Experimental Research}}
@string{ PPL = {Parallel Processing Letters} }
@string{ SchizophrRes = {Schizophrenia Research}}
@string{ AmJGeriatrPsychiatry = {American Journal of Geriatric Psychiatry} }
@string{ AmJPsychiatry = {American Journal of Psychiatry} }
@string{ AnnuRevBiomedEng = {Annual Review of Biomedical Engineering} }
@string{ AnalChem = {Analytical Chemistry} }
@string{ JMIV = {Journal of Mathematical Imaging and Vision} }
@string{ AnnNeurol = {Annals of Neurology} }
@string{ ClinOrthop = {Clinical Orthopaedics \& Related Research} }
@string{ JAnat = {Journal of Anatomy} }
@String{ AlcoholResHealth = {Alcohol Research \& Health}}
@String{ CerebCortex = {Cerebral Cortex}}
@String{ BrJPsychiatry = {The British Journal of Psychiatry}}
@String{ NMRBiomed = {NMR in Biomedicine}}
@String{ ImageAnalStereol = {Image Analysis \& Stereology} }
@string{ JCompPhys = {Journal of Computational Physics} }
@String{ JStudAlcohol = {Journal of Studies on Alcohol}}
@String{ JNeurolSci = {Journal of the Neurological Sciences}}
@String{ ArchNeurol = {Archives of Neurology}}
@String{ ArchGenPsychiatry = {Archives of General Psychiatry}}
@String{ NeurobiolAging = {Neurobiology of Aging}}
@String{ AmJHumBiol = {American Journal of Human Biology}}
@String{ BiolPsychol = {Biological Psychology}}
@String{ BiolPsychiatry = {Biological Psychiatry}}
@String{ NatNeurosci = {Nature Neuroscience}}
@String{ Neuroreport = {Neuroreport}}
@String{ CellTissueRes = {Cell and Tissue Research}}
@String{ TCRT = {Technology in Cancer Research \& Treatment}}
@String{ SFN = {Stereotactic and Functional Neurosurgery}}
@String{ Biometrics = {Biometrics}}
@String{ AnnMathStat = {Annals of Mathematical Statistics}}
@String{ PsychiatryResNeuroimaging = {Psychiatry Research: Neuroimaging}}
@String{ CurrOpinGenetDev = {Current Opinion in Genetics \& Development}}
@String{ ProcISMRM = {Proceedings of the International Society for Magnetic Resonance in Medicine}}
@String{ InverseProblems = {Inverse Problems}}
@String{ TrendsNeurosci = {Trends in Neuroscience}}
@String{ CurrOpinNeurobiol = {Current Opinion in Neurobiology}}
@String{ CellTissueRes = {Cell and Tissue Research}}
@String{ NatRevNeurosci = {Nature Reviews Neuroscience}}
@String{ AnnuRevNeurosci = {Annual Review of Neuroscience}}
@String{ TrendsCognSci = {Trends in Cognitive Sciences}}
@String{ JExpBiol = {Journal of Experimental Biology}}
@String{ LearnMem = {Learning Memory}}
@string{ JOSAA = {Journal of the Optical Society of America A}}
@String{ IOVS = {Investigative Ophthalmology \& Visual Science}}
@string{ ExpPhysiol = {Experimantal Physiology}}
@String{ AJRCCM = {American Journal of Respiratory and Critical Care Medicine}}
@String{ COACI = {Current Opinion in Allergy \& Clinical Immunology}}
@String{ MethodInformMed = {Methods of Information in Medicine}}
@String{ BiomechModelMechanobiol = {Biomechanics and Modeling in Mechanobiology}}
@String{ GenetEpidemiol = {Genetic Epidemiology}}
@String{ QApplMath = {Quarterly of Applied Mathematics}}
@String{ Bone = {Bone} }
@string{ Neuroscience = {Neuroscience}}
@String{ DrugAlcoholDepend = {Drug and Alcohol Dependence}}
@String{ ArtificialLife = {Artificial Life}}
@String{ Ecology = {Ecology}}
@String{ BMCMI = {BioMed Central Medical Imaging}}
@String{ AnatRec = {The Anatomical Record} }
@String{ Alcohol = {Alcohol}}
@String{ Teratology = {Teratology}}
@String{ Biometrika = {Biometrika}}
@String{ JRStatistSocB = {Journal of the Royal Statistical Society, Series B
                  (Methodological)}}
@String{ StatistSci = {Statistical Science}}
@String{ JExpBiol = {The Journal of Experimental Biology}}
@String{ IJBI = {International Journal of Biomedical Imaging}}
@String{ ComputGraphForum = {Computer Graphics Forum}}
@String{ BiophysJ = {Biophysical Journal}}
@string{ LNCS = {Lecture Notes in Computer Science} }
@String{ AnimCogn = {Animal Cognition}}
@String{ ChildDev = {Child Development}}
@String{ TrendsCognSci = {Trends in Cognitive Sciences}}
@String{ CognitPsychol = {Cognitive Psychology}}
@String{ Science = {Science}}
@String{ AnnNYAcadSci = {Annals of the New York Academy of Sciences}}
@String{ IntRevNeurobiol = {International Review of Neurobiology}}
@String{ PhilosTransRSocLondBBiolSci = {Philosophical Transactions of the
                  Royal Society of London. Series B, Biological Sciences}}
@String{ JAmMedInformAssoc = {Journal of the American Medical Informatics
                  Association}}
@String{ JOralMaxillofacSurg = {Journal of Oral and Maxillofacial Surgery}}
@String{ MathematicsMagazine = {Mathematics Magazine}}
@String{ NumericalAlgorithms = {Numerical Algorithms}}
@String{ Bioimaging = {Bioimaging}}
@String{ BMCBioinformatics = {BMC Bioinformatics}}
@String{ CurrBiol = {Current Biology}}
@String{ BrainResBull = {Brain Research Bulletin}}
@String{ BrainRes = {Brain Research}}
@String{ SIAM-JSC = {SIAM Journal on Scientific Computing}}
@String{ SIAM-JSSC = {SIAM Journal on Scientific and Statistical Computing}}
@String{ JMolGraphMod = {Journal of Molecular Graphics and Modelling}}
@String{ JSocIndustApplMath = {Journal of the Society for Industrial and Applied Mathematics}}
@String{ IntJMathStatSci = {International Journal of the Mathematical Statistics Sciences}}
@String{ JClinOncol = {Journal of Clinical Oncology}}
@String{ ElectronLett = {Electronics Letters}}
@String{ CVGIP-GMIP = {CVGIP: Graphical Models and Image Processing}}
@String{ MathComput = {Mathematics of Computation}}
@String{ AdvComputMath = {Advances in Computational Mathematics}}
@String{ JVision = {Journal of Vision}}
@String{ AnnuRevBiomedEng= {Annual Review of Biomedical Engineering}}
@String{ BrainImagingBehav = {Brain Imaging and Behavior}}
@String{ JGerontol = {Journal of Gerontology}}
@String{ JAmGeriatrSoc = {Journal of the American Geriatrics Society}}
@String{ IJBI = {International Journal of Biomedical Imaging}}
@String{ ProcSPIE = {Proceedings of SPIE}}
@String{ JGT = {Journal of Graphics Tools}}
@String{ Brain = {Brain}}
@String{ ArtifLife = {Artificial Life}}
@String{ Psychopharmacology = {Psychopharmacology}}

@Article{RohlMaur:2003,
  author = 	 {Rohlfing, Torsten and Maurer, Jr., Calvin R.},
  title = 	 {Nonrigid Image Registration in Shared-Memory Multiprocessor
                  Environments with Application to Brains, Breasts, and Bees},
  pages =        {16--25},
  volume =       7,
  number =       1,
  year =         2003,
  journal = 	 IEEE-TITB,
  abstract =     {One major problem with nonrigid image registration
                  techniques is their high computational cost. Because of
                  this, these methods have found limited application to
                  clinical situations where fast execution is required, e.g.,
                  intra-operative imaging. This paper presents a parallel
                  implementation of a nonrigid image registration
                  algorithm. It takes advantage of shared-memory
                  multiprocessor computer architectures using multithreaded
                  programming by partitioning of data and partitioning of
                  tasks, depending on the computational subproblem. For three
                  different biomedical applications (intra-operative brain
                  deformation, contrast-enhanced MR mammography, inter-subject
                  brain registration), the scaling behavior of the algorithm
                  is quantitatively analyzed. The method is demonstrated to
                  perform the computation of intra-operative brain deformation
                  in less than a minute using 64 CPUs on a 128-CPU
                  shared-memory supercomputer (SGI Origin 3800). It is shown
                  that its serial component is no more than 2 percent of the
                  total computation time, allowing a speedup of at least a
                  factor of 50. In most cases, the theoretical limit of the
                  speedup is substantially higher (up to 132-fold in the
                  application examples presented in this paper). The parallel
                  implementation of our algorithm is therefore capable of
                  solving nonrigid registration problems with short execution
                  time requirements and may be considered an important step
                  in the application of such techniques to clinically
                  important problems such as  the computation of brain
                  deformation during cranial image-guided surgery.},
  keywords =     {nonrigid image registration; high-performance computing;
                  multithreaded computations; parallel performance;
                  intra-operative brain deformation; contrast-enhanced MR
                  mammography; motion correction; inter-subject registration;
                  brain atlas},
  PMID =         {12670015},
  url =          {http://ieeexplore.ieee.org/xpls/abs_all.jsp?isNumber=26609&prod=JNL&arnumber=1186522&arSt=+16&ared=+25&arAuthor=Rohlfing%2C+T.%3B+Maurer%2C+C.R.%2C+Jr.&arNumber=1186522&a_id0=1186520&a_id1=1186521&a_id2=1186522&a_id3=1186523&a_id4=1186524&a_id5=1186525&a_id6=1186526&a_id7=1186527&count=8}
}

@Article{RuecSonoHaye:1999,
  author = 	 {Rueckert, Daniel and Sonoda, Luke I. and Hayes, C. and
                  Hill, Derek L. G. and Leach, M. O. and Hawkes, David J.},
  title = 	 {Nonrigid Registration Using Free-Form Deformations:
                  Application to Breast {MR} Images},
  journal = 	 IEEE-TMI,
  year = 	 1999,
  volume =	 18,
  number =	 8,
  pages =	 {712--721},
  month =	 aug
}

@InProceedings{RohlRadePfef:2008a,
  author = 	 {Rohlfing, Torsten and Rademacher, Martin H. and Pfefferbaum,
                  A.},
  title = 	 {Volume reconstruction using inverse interpolation:
                  application to interleaved image motion correction},
  booktitle = 	 {Medical Image Computing and Computer-Assisted Intervention
                  --- MICCAI 2008. 11th International Conference, New York,
                  NY, USA, September 6-10, 2008, Proceedings, Part I},
  pages =	 {798--806},
  year = 	 2008,
  editor =	 {Metaxas, Dimitris and Axel, Leon and Fichtinger, Gabor and
                  Sz\'ekely, G\'abor},
  volume =	 5241,
  series = 	 LNCS,
  address = 	 {Berlin/Heidelberg},
  publisher =	 {Springer-Verlag},
  abstract =	 {We introduce in this work a novel algorithm for volume
                  reconstruction from data acquired on an irregular grid,
                  e.g., from multiple co-registered images. The algorithm,
                  which is based on an inverse interpolation formalism, is
                  superior to other methods in particular when the input
                  images have lower spatial resolution than the reconstructed
                  image. Local intensity bounds are enforced by an L-BFGSB
                  optimizer, regularize the reconstruction problem, and
                  preserve the intensity distribution of the input images.We
                  demonstrate the usefulness of our method by applying it to
                  retrospective motion correction in interleaved MR images.},
  doi =		 {10.1007/978-3-540-85988-8_95},
  url =          {http://www.springerlink.com/content/p5u464837t71r120},
  PMID =	 {18979819},
  PMC =          {2646840}
}

